@BOOK{lardner1867,
	title = {The Electric Telegraph},
	publisher = {Lockwood \& Co. },
	year = {1867},
	author = {Dionysius Lardner and Edward Brailsford Bright},
	address = {London},
	edition = {3},
	comment = {Revised and re-written by Edward B. Bright, secretary of the British and Irish magnetic telegraph company, with $140$ illustrations}
}


